<record><leader>00000cas a22000007a 4500</leader><controlfield tag="001">25896748</controlfield><controlfield tag="008">920527d19321960ctuwr ne      0    0eng d</controlfield><datafield ind1=" " ind2=" " tag="010"><subfield code="a">sn 92051255 </subfield></datafield><datafield ind1=" " ind2=" " tag="040"><subfield code="a">CNW</subfield><subfield code="b">eng</subfield><subfield code="c">CNW</subfield><subfield code="d">OCLCQ</subfield><subfield code="d">OCLCF</subfield><subfield code="d">OCLCO</subfield></datafield><datafield ind1=" " ind2=" " tag="042"><subfield code="a">msc</subfield></datafield><datafield ind1=" " ind2=" " tag="043"><subfield code="a">n-us-ct</subfield></datafield><datafield ind1="0" ind2=" " tag="130"><subfield code="a">East Hampton news (East Hampton, Conn. : 1932)</subfield></datafield><datafield ind1="1" ind2="4" tag="245"><subfield code="a">The East Hampton news.</subfield></datafield><datafield ind1=" " ind2=" " tag="260"><subfield code="a">East Hampton, Conn. :</subfield><subfield code="b">East Hampton News</subfield></datafield><datafield ind1=" " ind2=" " tag="300"><subfield code="a">v.</subfield></datafield><datafield ind1=" " ind2=" " tag="310"><subfield code="a">Weekly</subfield></datafield><datafield ind1="0" ind2=" " tag="362"><subfield code="a">Vol. 1, no. 1 (July 1, 1932)-v. 29, no. 50 (July 7, 1960).</subfield></datafield><datafield ind1=" " ind2=" " tag="500"><subfield code="a">Published in Middletown, Conn., Aug. 19, 1932-Jan. 8, 1937, and Feb. 18, 1938-Dec. 5, 1941; otherwise in East Hampton, Conn.</subfield></datafield><datafield ind1=" " ind2=" " tag="500"><subfield code="a">Issues for Jan. 29, 1937-Sept. 26, 1957 called also: Whole no. 240-1306.</subfield></datafield><datafield ind1=" " ind2=" " tag="530"><subfield code="a">Also issued on microfilm from Connecticut State Library, Hartford, CT.</subfield></datafield><datafield ind1=" " ind2="0" tag="651"><subfield code="a">East Hampton (Conn.)</subfield><subfield code="v">Newspapers.</subfield></datafield><datafield ind1=" " ind2="0" tag="651"><subfield code="a">Middletown (Conn.)</subfield><subfield code="v">Newspapers.</subfield></datafield><datafield ind1=" " ind2="0" tag="651"><subfield code="a">Middlesex County (Conn.)</subfield><subfield code="v">Newspapers.</subfield></datafield><datafield ind1=" " ind2="0" tag="651"><subfield code="a">Colchester (Conn.)</subfield><subfield code="v">Newspapers.</subfield></datafield><datafield ind1=" " ind2="0" tag="651"><subfield code="a">Marlborough (Conn.)</subfield><subfield code="v">Newspapers.</subfield></datafield><datafield ind1=" " ind2="7" tag="655"><subfield code="a">Newspapers.</subfield><subfield code="2">fast</subfield><subfield code="0">(OCoLC)fst01423814</subfield></datafield><datafield ind1=" " ind2="7" tag="651"><subfield code="a">Connecticut</subfield><subfield code="z">Colchester.</subfield><subfield code="2">fast</subfield><subfield code="0">(OCoLC)fst01215196</subfield></datafield><datafield ind1=" " ind2="7" tag="651"><subfield code="a">Connecticut</subfield><subfield code="z">East Hampton.</subfield><subfield code="2">fast</subfield><subfield code="0">(OCoLC)fst01269333</subfield></datafield><datafield ind1=" " ind2="7" tag="651"><subfield code="a">Connecticut</subfield><subfield code="z">Marlborough.</subfield><subfield code="2">fast</subfield><subfield code="0">(OCoLC)fst01226228</subfield></datafield><datafield ind1=" " ind2="7" tag="651"><subfield code="a">Connecticut</subfield><subfield code="z">Middlesex County.</subfield><subfield code="2">fast</subfield><subfield code="0">(OCoLC)fst01209862</subfield></datafield><datafield ind1=" " ind2="7" tag="651"><subfield code="a">Connecticut</subfield><subfield code="z">Middletown.</subfield><subfield code="2">fast</subfield><subfield code="0">(OCoLC)fst01208112</subfield></datafield><datafield ind1=" " ind2=" " tag="752"><subfield code="a">United States</subfield><subfield code="b">Connecticut</subfield><subfield code="c">Middlesex</subfield><subfield code="d">East Hampton.</subfield></datafield><datafield ind1="0" ind2="7" tag="785"><subfield code="t">Colchester citizen</subfield><subfield code="w">(DLC)sn 92051256</subfield></datafield><datafield ind1="0" ind2="7" tag="785"><subfield code="t">News-citizen (East Hampton, Conn.)</subfield><subfield code="w">(DLC)sn 92051257</subfield></datafield></record>